<?xml version="1.0" encoding="UTF-8"?><collection xmlns="http://www.loc.gov/MARC21/slim"><record><leader>00583nam--2200217-u-4500</leader><controlfield tag="001">000052946</controlfield><controlfield tag="002">20161230</controlfield><controlfield tag="005">20161230201050</controlfield><controlfield tag="008">101130s1000------------r-----000-0-eng-d</controlfield><datafield ind1=" " ind2=" " tag="020"><subfield code="a">3540439005</subfield></datafield><datafield ind1=" " ind2=" " tag="040"><subfield code="a">IFIN-HH</subfield></datafield><datafield ind1=" " ind2=" " tag="080"><subfield code="a">535</subfield></datafield><datafield ind1="1" ind2=" " tag="100"><subfield code="a">Slusher, R.E</subfield></datafield><datafield ind1="1" ind2="0" tag="245"><subfield code="a">Nonlinear photonic crystals</subfield><subfield code="c">R.E. SLUSHER; B.J. EGGLETON (Eds.)</subfield></datafield><datafield ind1=" " ind2=" " tag="260"><subfield code="a">NEW YORK</subfield><subfield code="b">Springer-verlag</subfield><subfield code="c">2003</subfield></datafield><datafield ind1=" " ind2=" " tag="300"><subfield code="a">375P</subfield></datafield><datafield ind1=" " ind2=" " tag="490"><subfield code="a">Springer Series In Photonics</subfield><subfield code="v">Vol. 10</subfield></datafield><datafield ind1=" " ind2="0" tag="650"><subfield code="a">Crystals Optics</subfield></datafield><datafield ind1="1" ind2=" " tag="700"><subfield code="a">Eggleton, B.J</subfield><subfield code="c">Ed</subfield></datafield><datafield ind1=" " ind2=" " tag="852"><subfield code="a">81747</subfield><subfield code="c">535</subfield></datafield><datafield ind1=" " ind2=" " tag="CAT"><subfield code="a">Sys</subfield><subfield code="c">20101130</subfield><subfield code="h">111004</subfield></datafield></record></collection>